@Website{dota2theinternational,
author = {Valve},
title = {The International},
year = {2015},
howpublished = {\url{http://www.dota2.com/international/overview/}},
organization = {Valve}
}

@Website{BenDirs2015,
author = {Ben Dirs},
title = {Is computer gaming really sport?},
year = {2015},
howpublished = {\url{http://www.bbc.co.uk/guides/zygq2hv}},
language = {English},
organization = {BBC},
urldate = {7/03/2016}
}

@Website{csgoblog,
author = {Valve},
title = {Counter-Strike: Global Offensive Blog},
year = {2016},
howpublished = {\url{http://blog.counter-strike.net/}},
language = {English},
organization = {Valve},
urldate = {9/03/2016}
}

@Website{twitchinfographic,
author = {Twitch},
title = {Twitch Retrospective 2015},
year = {2015},
howpublished = {\url{https://www.twitch.tv/year/2015}}
}

@Website{dusttodust,
author = {Zorine Te},
title = {Dust to Dust: The History of Counter-Strike},
year = {2014},
howpublished = {\url{http://www.gamespot.com/articles/dust-to-dust-the-history-of-counter-strike/1100-6419676/}}
}

@Website{assembly,
author = {William Swanson},
title = {Introduction to Assembly Language},
year = {2001},
howpublished = {\url{http://www.swansontec.com/sprogram.html}}
}

@Website{PVS,
author = {Valve},
title = {PVS},
year = {2016},
howpublished = {\url{https://developer.valvesoftware.com/wiki/PVS}}
}

@Website{pcgamerhackbusiness,
author = {Emanuel Maiberg},
title = {Hacks! An investigation into the million-dollar business of video game cheating},
year = {2014},
howpublished = {\url{http://www.pcgamer.com/hacks-an-investigation-into-aimbot-dealers-wallhack-users-and-the-million-dollar-business-of-video-game-cheating/}}
}

@Website{basiccheatsassembly,
author = {Guided Hacking},
title = {Solaire - C++ Hacking Any Game [1/10 Difficulty]},
year = {2015},
howpublished = {\url{https://www.youtube.com/watch?v=fvv8IJGke1Q}}
}

@Website{extrasensoryperception,
author = {Merriam-Websterâ€™s Collegiate Dictionary,.},
title = {Merriam Webster Dictionary: Extrasenory Perception},
year = {2016},
howpublished = {\url{http://www.merriam-webster.com/dictionary/extrasensory%20perception}}
}

@Website{basicaimbottutorial,
author = {Guided Hacking , .},
title = {How to Make an AIMBOT C++ Pt 1/6 TUTORIAL},
year = {2013},
howpublished = {\url{https://www.youtube.com/watch?v=RpnFoSIlw8s}}
}

@Website{VAC,
author = {Valve},
title = {Valve Anti-Cheat System (VAC)},
year = {2016},
howpublished = {\url{https://support.steampowered.com/kb_article.php?ref=7849-Radz-6869}}
}

@Website{steamdb,
author = {xPaw and Marlamin},
title = {Latest Game and VAC Bans},
year = {2016},
howpublished = {\url{https://steamdb.info/stats/bans/}}
}

@Website{vacbans,
author = {Christian Witte},
title = {vac-ban.com},
year = {2016},
howpublished = {\url{http://www.vac-ban.com/}}
}

@Website{pcgamerhackingscandal,
author = {Evan Lahti},
title = {CS:GO competitive scene in hacking scandal, 3 players banned},
year = {2014},
howpublished = {\url{http://www.pcgamer.com/csgo-competitive-scene-embroiled-in-hacking-scandal-as-three-players-are-banned/}}
}

@Website{gameref,
author = {DAVID TITARENCO},
title = {THE WORLD'S FIRST HARDWARE ANTI-CHEAT DEVICE},
year = {2014},
howpublished = {\url{http://gameref.io}}
}

@Website{overwatch,
author = {Valve},
title = {Overwatch FAQ},
year = {2016},
howpublished = {\url{http://blog.counter-strike.net/index.php/overwatch/}}
}

@Website{smac,
author = {Lumen},
title = {DMCA Smac},
year = {2016},
howpublished = {\url{https://lumendatabase.org/notices/1390511/}}
}

@Website{fairfight,
author = {FairFightWhite},
title = {FairFight Anti-Cheat Beta Testing on CSGO},
year = {2015},
howpublished = {\url{https://www.reddit.com/r/GlobalOffensive/comments/36u80j/fairfight_anticheat_beta_testing_on_csgo/}}
}

@Website{eac,
author = {EastAntiCheat},
title = {Easy Anti-Cheat for eSports},
year = {2015},
howpublished = {\url{https://www.easyanticheat.net/esports/}}
}

@Website{steamcharts,
author = {Steamcharts},
title = {Comparison of 2 Games},
year = {2016},
howpublished = {\url{http://steamcharts.com/cmp/311210,730#All}}
}

@Website{esea,
author = {ESEA},
title = {ESEA Client: How it works},
year = {2015},
howpublished = {\url{https://play.esea.net/index.php?s=content&d=anticheat}}
}

@Website{debuglog,
author = {debuglog},
title = {Insights from an Ex (Anti)Cheat Developer on the current cheating situation},
year = {2016},
howpublished = {\url{https://www.reddit.com/r/GlobalOffensive/comments/47dv61/insights_from_an_ex_anticheat_developer_on_the/}}
}

@Website{debuglogblog,
author = {debuglog},
title = {Debuglog: Blog},
year = {2016},
howpublished = {\url{https://debuglog.wordpress.com/}}
}

@Website{silentevil,
author = {Block4o},
title = {Silent Evil | CSGO MultiHack Aim RCS Trigger ESP 20.5.2016},
year = {2016},
howpublished = {\url{http://www.mpgh.net/forum/showthread.php?t=1117353}}
}

@Website{abitsmarter,
author = {FcSbRaduku},
title = {[ V8.3.3] Public Build - DOWNLOAD - [ DATE 25/05/2016 ]},
year = {2016},
howpublished = {\url{https://abitsmarter.com/forum/index.php?threads/v8-3-3-public-build-download-date-25-05-2016.732/}}
}

@Website{titan,
author = {Damien Grust},
title = {Titan Bids Farewell},
year = {2016},
howpublished = {\url{http://titan.pro/news/read/Titan-Bids-Farewell/58}}
}

@Website{sourcemod,
author = {Alliedmods},
title = {Installing Sourcemod},
year = {2014},
howpublished = {\url{https://wiki.alliedmods.net/Installing_sourcemod}}
}







